@book{Fanning_2003,
  author = {Fanning, D.W.},
  title = {IDL Programming Techniques},
  url = {http://worldcat.org/oclc/249962947},
  publisher = {Fanning Software Consulting},
  address = {Fort Collins, Colorado},
  edition = {2},
  year = {2003} 
}

@book{Bowman_2005,
  title = {An introduction to programming with IDL Interactive Data Language},
  author = {Bowman, K.P.},
  year = {2005},
  publisher = {Elsevier},
  address = {Amsterdam, Boston},
  url = {http://worldcat.org/oclc/1285831627}
}

@inproceedings{Coulais_et_al_2010,
       author = {{Coulais}, A. and {Schellens}, M. and {Gales}, J. and {Arabas}, S. and {Boquien}, M. and {Chanial}, P. and {Messmer}, P. and {Fillmore}, D. and {Poplawski}, O. and {Maret}, S. and {Marchal}, G. and {Galmiche}, N. and {Mermet}, T.},
        title = "{Status of GDL - GNU Data Language}",
    booktitle = {Astronomical Data Analysis Software and Systems XIX},
         year = 2010,
       editor = {{Mizumoto}, Y. and {Morita}, K. -I. and {Ohishi}, M.},
       series = {Astronomical Society of the Pacific Conference Series},
       volume = {434},
archivePrefix = {arXiv},
       eprint = {1101.0679}
}

@book{Gumley_2010,
  title = {Practical IDL programming: creating effective data analysis and visualization applications},
  url = {http://worldcat.org/oclc/900611723},
  year = {2010},
  address = {Amsterdam},
  publisher = {Morgan Kaufmann},
  author = {Gumley, L.E.}
}

@inproceedings{Coulais_et_al_2012,
       author = {{Coulais}, A. and {Schellens}, M. and {Arabas}, S. and {Lenoir}, M. and {Noreskal}, L. and {Erard}, S.},
        title = "{Space Missions: Long Term Preservation of IDL-based Software using GDL}",
    booktitle = {Astronomical Data Analysis Software and Systems XXI},
         year = 2012,
       editor = {{Ballester}, P. and {Egret}, D. and {Lorente}, N.~P.~F.},
       series = {Astronomical Society of the Pacific Conference Series},
       volume = {461},
}

@inproceedings{Coulais_et_al_2014,
       author = {{Coulais}, A. and {Schellens}, M. and {Duvert}, G. and {Park}, J. and {Arabas}, S. and {Erard}, S. and {Roudier}, G. and {Hivon}, E. and {Mottet}, S. and {Laurent}, B. and {Pinter}, M. and {Kasradze}, N. and {Ayad}, M.},
        title = "{Scaling GDL for Multi-cores to Process Planck HFI Beams Monte Carlo on HPC}",
    booktitle = {Astronomical Data Analysis Software and Systems XXIII},
         year = 2014,
       editor = {{Manset}, N. and {Forshay}, P.},
       series = {Astronomical Society of the Pacific Conference Series},
       volume = {485}
}

@book{Galloy_2015,
  title = {Modern IDL: a guide to IDL programming},
  author = {Galloy, M.D.},
  year = {2015},
  url = {http://worldcat.org/oclc/1000154387},
  address = {Boulder, Colorado}
}

@inproceedings{Coulais_et_al_2019,
       author = {{Coulais}, A. and {Duvert}, G. and {Jung}, G. and {Arabas}, S. and {Flinois}, S. and {Lounis}, A.~S.},
        title = "{GDL - GNU Data Language 0.9.9}",
    booktitle = {Astronomical Data Analysis Software and Systems XXVII},
         year = 2019,
       editor = {{Teuben}, Peter J. and {Pound}, Marc W. and {Thomas}, Brian A. and {Warner}, Elizabeth M.},
       series = {Astronomical Society of the Pacific Conference Series},
       volume = {523},
}

@inproceedings{Duvert_et_al_2020,
       author = {{Duvert}, G. and {Coulais}, A. and {Schellens}, M.},
        title = "{GDL Today: Reaching a Viable Alternative to IDL}",
    booktitle = {Astronomical Data Analysis Software and Systems XXVII},
         year = 2020,
       editor = {{Ballester}, Pascal and {Ibsen}, Jorge and {Solar}, Mauricio and {Shortridge}, Keith},
       series = {Astronomical Society of the Pacific Conference Series},
       volume = {522},
archivePrefix = {arXiv},
       eprint = {1909.02371},
}

@article{burrage2021cardiac,
  title={Cardiac stress T1-mapping response and extracellular volume stability of MOLLI-based T1-mapping methods},
  author={Burrage, Matthew K and Shanmuganathan, Mayooran and Zhang, Qiang and Hann, Evan and Popescu, Iulia A and Soundarajan, Rajkumar and Chow, Kelvin and Neubauer, Stefan and Ferreira, Vanessa M and Piechnik, Stefan K},
  journal={Scientific reports},
  volume={11},
  number={1},
  pages={1--13},
  year={2021},
  publisher={Nature Publishing Group}
}

@article{coates2019high,
  title={High-performance suction feeding in an early elasmobranch},
  author={Coates, Michael I and Tietjen, Kristen and Olsen, Aaron M and Finarelli, John A},
  journal={Science advances},
  volume={5},
  number={9},
  pages={eaax2742},
  year={2019},
  publisher={American Association for the Advancement of Science}
}

@article{xiao2022superheating,
  title={Superheating of grain boundaries within bulk colloidal crystals},
  author={Xiao, Xiuming and Wang, Lilin and Wang, Zhijun and Wang, Ziren},
  journal={Nature Communications},
  volume={13},
  number={1},
  pages={1--9},
  year={2022},
  publisher={Nature Publishing Group}
}

@article{lee2022transboundary,
  title={Transboundary aerosol transport process and its impact on aerosol-radiation-cloud feedbacks in springtime over Northeast Asia},
  author={Lee, Hyo-Jung and Jo, Yu-Jin and Kim, Seungwoo and Kim, Daecheol and Kim, Jong-Min and Choi, Daniel and Jo, Hyun-Young and Bak, Juseon and Park, Shin-Young and Jeon, Wonbae and others},
  journal={Scientific Reports},
  volume={12},
  number={1},
  pages={1--10},
  year={2022},
  publisher={Nature Publishing Group}
}

@article{castro2021very,
  title={Very-high-frequency oscillations in the main peak of a magnetar giant flare},
  author={Castro-Tirado, Alberto J and {\O}stgaard, N and G{\"o}วง{\"u}{\c{s}}, E and S{\'a}nchez-Gil, C and Pascual-Granado, J and Reglero, V and Mezentsev, A and Gabler, M and Marisaldi, M and Neubert, T and others},
  journal={Nature},
  volume={600},
  number={7890},
  pages={621--624},
  year={2021},
  publisher={Nature Publishing Group}
}

@article{chen2021orf3a,
  title={ORF3a of SARS-CoV-2 promotes lysosomal exocytosis-mediated viral egress},
  author={Chen, Di and Zheng, Qiaoxia and Sun, Long and Ji, Mingming and Li, Yan and Deng, Hongyu and Zhang, Hong},
  journal={Developmental Cell},
  volume={56},
  number={23},
  pages={3250--3263},
  year={2021},
  publisher={Elsevier}
}

@ARTICLE{Danielski2018AJ,
       author = {{Danielski}, C and {Baudino}, Jean-Loup and {Lagage}, Pierre-Olivier and {Boccaletti}, Anthony and {Gastaud}, Ren{\'e} and {Coulais}, Alain and {B{\'e}zard}, Bruno},
        title = "{Atmospheric Characterization of Directly Imaged Exoplanets with JWST/MIRI}",
      journal = {\aj},
         year = 2018,
        month = dec,
       volume = {156},
       number = {6},
          eid = {276},
        pages = {276},
          doi = {10.3847/1538-3881/aae651},
archivePrefix = {arXiv},
       eprint = {1810.00894},
 primaryClass = {astro-ph.EP},
       adsurl = {https://ui.adsabs.harvard.edu/abs/2018AJ....156..276D},
      adsnote = {Provided by the SAO/NASA Astrophysics Data System}
}

@MISC{eigenweb,
  author = {Ga\"{e}l Guennebaud and Beno\^{i}t Jacob and others},
  title = {Eigen v3},
  howpublished = {http://eigen.tuxfamily.org},
  year = {2010}
 }
@ARTICLE{Gallagher2016AA,
       author = {{Gallagher}, A.~J. and {Caffau}, E. and {Bonifacio}, P. and {Ludwig}, H. -G. and {Steffen}, M. and {Spite}, M.},
        title = "{An in-depth spectroscopic examination of molecular bands from 3D hydrodynamical model atmospheres. I. Formation of the G-band in metal-poor dwarf stars}",
      journal = {\aap},
     keywords = {hydrodynamics, line: formation, molecular processes, stars: atmospheres, stars: chemically peculiar, techniques: spectroscopic, Astrophysics - Solar and Stellar Astrophysics},
         year = 2016,
        month = sep,
       volume = {593},
          eid = {A48},
        pages = {A48},
          doi = {10.1051/0004-6361/201628602},
archivePrefix = {arXiv},
       eprint = {1605.07215},
 primaryClass = {astro-ph.SR},
       adsurl = {https://ui.adsabs.harvard.edu/abs/2016A&A...593A..48G},
      adsnote = {Provided by the SAO/NASA Astrophysics Data System}
}




